
@inproceedings{scherrer_haunted_2008,
	title = {The haunted book},
	url = {http://dl.acm.org/citation.cfm?id=1605303},
	pages = {163--164},
	booktitle = {Proceedings of the 7th {IEEE}/{ACM} international Symposium on Mixed and Augmented Reality},
	publisher = {{IEEE} Computer Society},
	author = {Scherrer, Camille and Pilet, Julien and Fua, Pascal and Lepetit, Vincent},
	urldate = {2015-04-30},
	date = {2008},
	file = {04637347.pdf:/Users/cearto/Library/Application Support/Zotero/Profiles/ah6xzwmm.default/zotero/storage/6Q9X95UX/04637347.pdf:application/pdf}
}

@book{iggulden_printed_1999,
	title = {Printed book augmented with an electronic virtual book and associated electronic data},
	url = {http://www.google.com/patents/US5957697},
	publisher = {Google Patents},
	author = {Iggulden, Jerry and Husa, Christopher J. and Davidson, Ben},
	urldate = {2015-04-30},
	date = {1999-09},
	note = {{US} Patent 5,957,697},
	file = {US5954515.pdf:/Users/cearto/Library/Application Support/Zotero/Profiles/ah6xzwmm.default/zotero/storage/W6RWQC7K/US5954515.pdf:application/pdf}
}

@article{fujinami_page-flipping_2009,
	title = {Page-Flipping Detection and Information Presentation for Implicit Interaction with a Book},
	volume = {4},
	number = {3},
	journaltitle = {International Journal of Multimedia and Ubiquitous Engineering},
	author = {Fujinami, Kaori and Inagawa, Nobuhiro},
	date = {2009},
	file = {6.pdf:/Users/cearto/Library/Application Support/Zotero/Profiles/ah6xzwmm.default/zotero/storage/X2W7N4UM/6.pdf:application/pdf}
}

@inproceedings{raffle_family_2010,
	title = {Family story play: reading with young children (and elmo) over a distance},
	url = {http://dl.acm.org/citation.cfm?id=1753563},
	shorttitle = {Family story play},
	pages = {1583--1592},
	booktitle = {Proceedings of the {SIGCHI} Conference on Human Factors in Computing Systems},
	publisher = {{ACM}},
	author = {Raffle, Hayes and Ballagas, Rafael and Revelle, Glenda and Horii, Hiroshi and Follmer, Sean and Go, Janet and Reardon, Emily and Mori, Koichi and Kaye, Joseph and Spasojevic, Mirjana},
	urldate = {2015-04-30},
	date = {2010},
	file = {p1583-raffle.pdf:/Users/cearto/Library/Application Support/Zotero/Profiles/ah6xzwmm.default/zotero/storage/295MD92X/p1583-raffle.pdf:application/pdf}
}